@phdthesis{gianni,
	author 		= {Giovanni Iadarola},
	title		= {{Electron Cloud studies for CERN particle accelerators and simulation code development}},
	year 		= {2014},
	school 		= {{University of Naples Federico II}}
}

@article{angle,
		title = "The correct and incorrect generation of a cosine distribution of scattered particles for Monte-Carlo modelling of vacuum systems",
		journal = "Vacuum",
		volume = "67",
		number = "2",
		pages = "217 - 222",
		year = {2002},
		author = "John Greenwood"
}

@inproceedings{baglin,
      author         = "Baglin, V. and Collins, I. R. and Gröbner, O.",
      title          = "{Photoelectron yield and photon reflectivity from
                        candidate LHC vacuum chamber materials with implications
                        to the vacuum chamber design}",
      booktitle      = "{Particle accelerator. Proceedings, 6th European
                        conference, EPAC'98, 1998.}",
      year           = "1998",
      reportNumber   = "CERN-LHC-PROJECT-REPORT-206"
}

@article{mahne,
		title = {{Photon reflectivity distributions from the LHC beam screen and their implications on the arc beam vacuum system}},
		journal = "Applied Surface Science ",
		volume = "235",
		number = "1–2",
		pages = "221 - 226",
		year = "2004",
		note = "8th European Vacuum Conference and 2nd Annual Conference of the German Vacuum Society ",
		author = "N. Mahne and V. Baglin and I.R. Collins and A. Giglia and L. Pasquali and M. Pedio and S. Nannarone and R. Cimino"
}

@inproceedings{baglin2,
    author = {V. Baglin and I. R. Collins and O. Gröbner and C. Grünhagel and B. Henrist and N. Hilleret and B. Jenninger},
    title = {Measurements At EPA Of Vacuum And Electron-Cloud Related Effects},
    year = {2001},
	note = "11th Chamonix - LHC Workshop"
}

@article{cimino,
		title = "VUV synchrotron radiation studies of candidate LHC vacuum chamber materials",
		journal = "Vacuum",
		volume = "53",
		number = "1",
		pages = "273 - 276",
		year = "1999",
		author = "R. Cimino and V. Baglin and I.R. Collins"
}

@book{hofmann,
		place={Cambridge},
		title={The Physics of Synchrotron Radiation},
	   	publisher={Cambridge University Press},
	   	author={Hofmann, Albert},
	   	year={2004}
}

@misc{cellinput,
	title 	= {python repository for PyECLOUD input paremeters},
	url 	= {{https://github.com/pdijksta/CellStudyInputPyECLOUD}}
}

	
@InProceedings{guillermo,
  author       = {G. Guillermo Cantón and D. Sagan and F. Zimmermann},
  title        = {{S}imulating {P}roton {S}ynchrotron {R}adiation in the {A}rcs of the {LHC}, {HL-LHC} and {FCC-}hh},
  booktitle    = {Proc. of International Particle Accelerator Conference (IPAC'16),
                  Busan, Korea, May 8-13, 2016},
  paper        = {WEOCA03},
  year         = {2016}
}

@misc{beam_screen_drawing,
		note = {{CERN Technical Drawing LHCVSSB\_0037}}
}

@inproceedings{zimmermann,
      author         = "Zimmermann, F.",
      title          = "{Electron-Cloud Effects in past and future machines -
                        walk through 50 years of Electron-Cloud studies}",
      booktitle      = "{Proceedings, 5th Workshop on Electron-Cloud Effects
                        (ECLOUD'12): La Biodola, Isola d'Elba, Italy, June 5-9,
                        2012}",
      year           = "2013"
}

